@article{Groth:2009:MPD:1462159.1462162,
 author = {Groth, Paul and Miles, Simon and Moreau, Luc},
 title = {A model of process documentation to determine provenance in mash-ups},
 journal = {ACM Trans. Internet Technol.},
 volume = {9},
 issue = {1},
 month = {February},
 year = {2009},
 issn = {1533-5399},
 pages = {3:1--3:31},
 articleno = {3},
 numpages = {31},
 url = {http://doi.acm.org/10.1145/1462159.1462162},
 doi = {http://doi.acm.org/10.1145/1462159.1462162},
 acmid = {1462162},
 publisher = {ACM},
 address = {New York, NY, USA},
 keywords = {Process, concept maps, data model, mash-ups, process documentation, provenance},
} 

@book{Kaushik,
 author = {Kaushik, Avinash},
 title = {Web Analytics 2.0: The Art of Online Accountability and Science of Customer Centricity},
 year = {2009},
 isbn = {0470529393, 9780470529393},
 publisher = {SYBEX Inc.},
 address = {Alameda, CA, USA},
} 

@inproceedings{Steiner:SemWebVid,
  author =      {Thomas Steiner},
  title =       {{SemWebVid - Making Video a First Class Semantic Web Citizen and a First Class Web Bourgeois}},
  booktitle =   {9$^{th}$ International Semantic Web Conference (ISWC'10)},
  year =        {2010},
  address =     {Shanghai, China}
}

@Misc{TimBL:LinkedData,
  author = {Tim Berners-Lee},
  title =        {{Linked Data}},
  year =         {Juli 27, 2006},  
  note =         {\url{http://www.w3.org/DesignIssues/LinkedData.html}}
}

@Misc{Raimond:Event,
  author =      {Yves Raimond and Samer Abdallah},
  title =       {{The Event Ontology}},
  year =        {October 25, 2007},
  note =        {\url{http://motools.sourceforge.net/event/event.html}}
}

@Misc{Facebook,
  author =      {Facebook},
  title =       {{Press Room -- Statistics}},
  year =        {May 16, 2011},
  note =        {\url{https://www.facebook.com/press/info.php?statistics}}
}

@Misc{Twitter,
  author =      {Twitter},
  title =       {{Streaming API}},
  year =        {May 16, 2011},
  note =        {\url{http://dev.twitter.com/pages/streaming_api_methods}}
}

@Misc{CommonTag:Spec,
  author =      {{Common Tag}},
  title =       {{Common Tag Specification}},
  year =        {January 11, 2009},
  note =        {\url{http://commontag.org/Specification}}
}

@Misc{Hartig:Provenance,
  author =       {Olaf Hartig and Jun Zhao},
  title =        {{Provenance Vocabulary Core Ontology Specification}},
  year =         {January 25, 2011},
  note =         {\url{http://purl.org/net/provenance/ns}}
}

@Misc{Zemanta,
 author = {Zemanta},
 note = {\url{http://developer.zemanta.com/docs/}},
}

@misc{Spotlight,
 author = {DBpedia Spotlight},
 note = {\url{http://dbpedia.org/spotlight}},
}

@misc{AlchemyAPI,
 title = {AlchemyAPI},
 note = {\url{http://www.alchemyapi.com/api/entity/}},
}

@misc{OpenCalais,
 author = {OpenCalais},
 note = {\url{http://www.opencalais.com/documentation/}},
}

@online{RDF,
  author = {Klyne, Graham and Carrol, Jeremy J.},
  title = {{Resource Description Framework (RDF): Concepts and Abstract Syntax}},
  URL =  {http://www.w3.org/ TR/2004/REC-rdf-concepts-20040210/},
  howpublished = {W3C Recommendation},
  day = 10,
  month = feb,
  year = 2004
}

@InProceedings{Halpin:SameAs,
  author =      {Harry Halpin and Patrick Hayes},
  title =       {{When owl:sameas isn't the same: An analysis of identity links on the semantic web}},
  booktitle =   {3$^{rd}$ Workshop on Linked Data on the Web (LDOW'10)},
  year =        2010,
  address =     {Raleih, NC, USA}
}

@inproceedings{ipaw10:olaf,
  author =      {Olaf Hartig and Jun Zhao},
  title =       {{Publishing and Consuming Provenance Metadata on the Web of Linked Data}},
  booktitle =   {3$^{rd}$ International Provenance and Annotation Workshop (IPAW'10)},
  year =        {2010},
  address =     {Troy, NY, USA}
}

@inproceedings{Sack:Use,
  author =    {J\"{o}rg Waitelonis and Nadine Ludwig and Harald Sack},
  title =     {{Use What You Have: Yovisto Video Search Engine Takes a Semantic Turn}},
  booktitle = {5$^{th}$ International Conference on Semantic and Digital Media Technologies (SAMT'10},
  year =      {2010},
  address =   {Saarbr\"{u}cken, Germany}
}

@Misc{Princeton:WordNet,
  author =       {Princeton},
  title =        {{WordNet}},
  note =         {\url{http://wordnet.princeton.edu/}}
}

@inproceedings{Choudhury:YouTube,
  author =      {Smitashree Choudhury and John Breslin and Alexandre Passant},
  title =       {{Enrichment and Ranking of the YouTube Tag Space and Integration with the Linked Data Cloud}},
  booktitle =   {8$^{th}$ International Semantic Web Conference (ISWC'09)},
  year =        {2009},
  pages =       {747--762},
  address =     {Chantilly, VA, USA}
}

@Misc{Bizer:TriG,
  author =       {Chris Bizer and Richard Cyganiak},
  title =        {{The TriG Syntax}},
  year =         {July 30, 2007},
  note =         {\url{http://www4.wiwiss.fu-berlin.de/bizer/TriG/}}
}

@Misc{Drumbeat:Popcorn,
  author =       {Brett Gaylor},
  title =        {{Popcorn.js Semantic Video demo}},
  howpublished = {Mozilla Drumbeat Project},
  year =         {August 16, 2010},
  note =         {\url{http://www.drumbeat.org/content/popcorn-js-semantic-video-demo}}
}

@Misc{Kobilarov:Uberblic,
  author =       {Georgi Kobilarov},
  title =        {{ANN: Uberblic.org - Integrating the Web of Data}},
  year =         {January 29, 2010},
  note =         {\url{http://lists.w3.org/Archives/Public/public-lod/2010Jan/0139.html}}
}

@Misc{W3C:MediaFrags,
  author =       {W3C},
  title =        {{Media Fragments URI}},
  howpublished = {W3C Working Draft},
  year =         {December 8, 2010},
  note =         {\url{http://www.w3.org/2008/WebVideo/Fragments/WD-media-fragments-spec/}}
}

@Misc{W3C:MediaOntology,
  author =       {W3C},
  title =        {{Ontology for Media Resource}},
  howpublished = {W3C Working Draft},
  year =         {June 8, 2010},
  note =         {\url{http://www.w3.org/TR/2010/WD-mediaont-10-20100608/}}
}

@InProceedings {Bizer:DBpedia,
  author =      {S\"{o}ren Auer and Christian Bizer and Georgi Kobilarov and Jens Lehmann and Richard Cyganiak and Zachary G. Ives},
  title =       {{DBpedia: A Nucleus for a Web of Open Data}},
  booktitle =   {6$^{th}$ International Semantic Web Conference (ISWC'07)},
  year =        {2007},
  pages =       {722--735},
  address =     {Busan, Korea}
}

@inproceedings{Sack:VideoSearch,
 author =     {J\"{o}rg Waitelonis and Harald Sack and Johannes Hercher and Zalan Kramer},
 title =      {{Semantically enabled exploratory video search}},
 booktitle =  {3$^{rd}$ International Semantic Search Workshop (SemSearch'10)},
 year =       {2010},
 pages =      {81--88},
 location =   {Raleigh, NC, USA}
}

@article{Curbera:2003:NSW:944217.944234,
 author = {Curbera, Francisco and Khalaf, Rania and Mukhi, Nirmal and Tai, Stefan and Weerawarana, Sanjiva},
 title = {The next step in Web services},
 journal = {Commun. ACM},
 volume = {46},
 issue = {10},
 month = {October},
 year = {2003},
 issn = {0001-0782},
 pages = {29--34},
 numpages = {6},
 url = {http://doi.acm.org/10.1145/944217.944234},
 doi = {http://doi.acm.org/10.1145/944217.944234},
 acmid = {944234},
 publisher = {ACM},
 address = {New York, NY, USA},
} 

@inproceedings{carroll2005,
  address = {New York, NY, USA},
  author = {Jeremy J. Carroll and Christian Bizer and Pat Hayes and Patrick Stickler},
  booktitle = {WWW '05: Proceedings of the 14th international conference on World Wide Web},
  interhash = {08bc9a46b23bc08268c7ad56629e8075},
  intrahash = {68f3c5be8ad1f4c4749d2deea203ead5},
  pages = {613--622},
  publisher = {ACM},
  title = {Named graphs, provenance and trust},
  year = 2005,
  timestamp = {2009-11-15T15:34:11.000+0100},
  keywords = {imported},
  added-at = {2009-11-15T15:34:11.000+0100},
  location = {Chiba, Japan},
  isbn = {1-59593-046-9},
  biburl = {http://www.bibsonomy.org/bibtex/268f3c5be8ad1f4c4749d2deea203ead5/henkellermann},
  doi = {http://doi.acm.org/10.1145/1060745.1060835}
}

@Misc{CNT:RDF,
  author = {Johannes Koch and Carlos A. Velasco and Philip Ackermann},
  title =        {{Representing Content in RDF 1.0}},
  year =         {May 10, 2011},  
  note =         {\url{http://www.w3.org/TR/Content-in-RDF10/}}
}

@Misc{HTTP:RDF,
  author = {Johannes Koch and Carlos A. Velasco and Philip Ackermann},
  title =        {{HTTP Vocabulary in RDF 1.0}},
  year =         {May 10, 2011},  
  note =         {\url{http://www.w3.org/TR/HTTP-in-RDF10/}}
}

@InProceedings{Tummarello:Sindice,
 author =     {Giovanni Tummarello and Renaud Delbru and Eyal Oren},
 title =      {{Sindice.com: weaving the open linked data}},
 booktitle =  {6$^{th}$ International Semantic Web Conference (ISWC'07)},
 year =       {2007},
 pages =      {552--565},
 address =    {Busan, Korea}
}

@Misc{NYTimes:Freebase,
  author =       {John Markoff},
  title =        {{Start-Up Aims for Database to Automate Web Searching}},
  howpublished = {The New York Times},
  year =         {March 9, 2007},
}
